@Book{zielinski_cyfrowe_przetwarzanie_sygnalow,
	author = {	Zieliński Tomasz P.},
	title = {Cyfrowe przetwarzanie sygnałów},
	publisher = {Wydawnictwa Komunikacji i Łączności WKŁ},
	year = {Warszawa, 2, 2016},
}